Automatically generated by Mendeley Desktop 1.19.1
Any changes to this file will be lost if it is regenerated by Mendeley.

BibTeX export options can be customized via Options -> BibTeX in Mendeley Desktop

@misc{Microsoft,
author = {Levesque, Thomas},
title = {{Art√≠culos de Microsoft consultados (por orden de uso en el texto):}},
url = {https://www.thomaslevesque.com/2017/09/18/common-msbuild-properties-and-items-with-directory-build-props/},
urldate = {2018-09-08},
year = {2017}
}
